
@book{han2011,
	title = {Data Mining: Concepts and Techniques},
	author = {Han, Jiawei and Kamber, Micheline and Pei, Jian},
	publisher = {Morgan Kaufmann},
	year= {2011}
}
@book{witten2011,
	title = {Data Mining: Practical Machine Learning Tools and Techniques},
	author = {Witten, Ian H. and Frank, Eibe  and Hall, Mark A. },
	publisher = {Morgan Kaufmann},
	year = {2011}
}
@book{crochemore1994,
	title = {Text Algorithms},
	author = {Crochemore, Maxime and Rytter, Wojciech},
	publisher = {Oxford University Press},
	year ={1994}
}
@book{manning2009,
	title = {Introduction to Information Retrieval},
	author = {Manning, Christopher D. and Raghava, Prabhakar and Schütze, Hinrich},
	publisher = {Cambridge University Press},
	year = {2009},
}

@book{heyer2008,
	title = {Text Mining: Wissensrohstoff Text -- Konzepte, Algorithmen, Ergebnisse},
	author = {Heyer, Gerhard and Quasthoff, Uwe and Wittig, Thomas},
	publisher = {W3L-Verlag},
	year = {2008},
	edition = {1. korrigierter Nachdruck},
}

@book{manning1999,
	title = {Foundations of Statistical Natural Language Processing},
	author = {Manning, Christopher D. and Schütze, Hinrich},
	publisher = {MIT Press},
	year = {1999},
}

@incollection{searle1980,
	title = {Minds, brains, and programs},
	author = {Searle, John. R.},
	booktitle = {Behavioral and Brain Sciences},
	number = {3},
	volume = {3},
	year = {1980},
	pages = {417-457}
}

@article{gale1992,
  title={A method for disambiguating word senses in a large corpus},
  author={Gale, William A and Church, Kenneth W and Yarowsky, David},
  journal={Computers and the Humanities},
  volume={26},
  number={5-6},
  pages={415--439},
  year={1992},
  publisher={Springer}
}

@book{baeza1999modern,
  title={Modern information retrieval},
  author={Baeza-Yates, Ricardo and Ribeiro-Neto, Berthier and others},
  volume={463},
  year={1999},
  publisher={ACM press New York}
}

@inproceedings{soucy2005,
  title={Beyond TFIDF weighting for text categorization in the vector space model},
  author={Soucy, Pascal and Mineau, Guy W},
  booktitle={IJCAI},
  volume={5},
  pages={1130--1135},
  year={2005}
}

@InCollection{sep-knowledge-analysis,
	author       =	{Ichikawa, Jonathan Jenkins and Steup, Matthias},
	title        =	{The Analysis of Knowledge},
	booktitle    =	{The Stanford Encyclopedia of Philosophy},
	editor       =	{Edward N. Zalta},
	howpublished =	{\url{http://plato.stanford.edu/archives/spr2014/entries/knowledge-analysis/}},
	year         =	{2014},
	edition      =	{Spring 2014},
}

@article{gettier1963,
	title = {{I}s {J}ustified {T}rue {B}elief {K}nowledge?},
	publisher = {{A}nalytica},
	pages = {121--123},
	author = {Edmund Gettier},
	number = {6},
	year = {1963},
	journal = {{A}nalysis},
	volume = {23}
}

@article{jain2010data,
  title={Data clustering: 50 years beyond K-means},
  author={Jain, Anil K},
  journal={Pattern recognition letters},
  volume={31},
  number={8},
  pages={651--666},
  year={2010},
  publisher={Elsevier}
}

@incollection{tarski1956-2,
	title = {On the Concept of Logical Consequence},
	author={Tarski, Alfred},
	booktitle={Logic, Semantics, Metamathematics},
	pages={409-420},
	year={1956},
	publisher={Oxford University Press},
}

@inproceedings{erk2008structured,
  title={A structured vector space model for word meaning in context},
  author={Erk, Katrin and Pad{\'o}, Sebastian},
  booktitle={Proceedings of the Conference on Empirical Methods in Natural Language Processing},
  pages={897--906},
  year={2008},
  organization={Association for Computational Linguistics}
}

@article{dubin2004most,
  title={The most influential paper Gerard Salton never wrote},
  author={Dubin, David},
  year={2004},
  publisher={University of Illinois at Urbana-Champaign},
  journal = {Library Trends},
  volume = {52},
  number = {4},
  pages = {748--764}
}

@incollection{patwardhan2003using,
  title={Using measures of semantic relatedness for word sense disambiguation},
  author={Patwardhan, Siddharth and Banerjee, Satanjeev and Pedersen, Ted},
  booktitle={Computational linguistics and intelligent text processing},
  pages={241--257},
  year={2003},
  publisher={Springer}
}

@article{caumanns1999fast,
  title={A fast and simple stemming algorithm for German words},
  author={Caumanns, Jörg and others},
  year={1999}
}

@inproceedings{steinbach2000comparison,
  title={A comparison of document clustering techniques},
  author={Steinbach, Michael and Karypis, George and Kumar, Vipin and others},
  booktitle={KDD workshop on text mining},
  volume={400},
  number={1},
  pages={525--526},
  year={2000},
  organization={Boston}
}

@article{lund1996producing,
  title={Producing high-dimensional semantic spaces from lexical co-occurrence},
  author={Lund, Kevin and Burgess, Curt},
  journal={Behavior Research Methods, Instruments, \& Computers},
  volume={28},
  number={2},
  pages={203--208},
  year={1996},
  publisher={Springer}
}

@article{ide1998introduction,
  title={Introduction to the special issue on word sense disambiguation: the state of the art},
  author={Ide, Nancy and V{\'e}ronis, Jean},
  journal={Computational linguistics},
  volume={24},
  number={1},
  pages={2--40},
  year={1998},
  publisher={MIT Press}
}

@inproceedings{pedersen2004wordnet,
  title={WordNet:: Similarity: measuring the relatedness of concepts},
  author={Pedersen, Ted and Patwardhan, Siddharth and Michelizzi, Jason},
  booktitle={Demonstration papers at hlt-naacl 2004},
  pages={38--41},
  year={2004},
  organization={Association for Computational Linguistics}
}

@inproceedings{mihalcea2006corpus,
  title={Corpus-based and knowledge-based measures of text semantic similarity},
  author={Mihalcea, Rada and Corley, Courtney and Strapparava, Carlo},
  booktitle={AAAI},
  volume={6},
  pages={775--780},
  year={2006}
}

@article{jiang1997semantic,
  title={Semantic similarity based on corpus statistics and lexical taxonomy},
  author={Jiang, Jay J and Conrath, David W},
  journal={arXiv preprint cmp-lg/9709008},
  year={1997}
}

@article{miller1995wordnet,
  title={WordNet: a lexical database for English},
  author={Miller, George A},
  journal={Communications of the ACM},
  volume={38},
  number={11},
  pages={39--41},
  year={1995},
  publisher={ACM}
}

@book{russelNorvig2003,
  author = {Russell, Stuart J. and Norvig, Peter},
  publisher = {{Prentice Hall}},
  title = {Artificial Intelligence: A Modern Approach (2nd Edition)},
  year = 2002
}

@book{grainger2014solr,
  title={Solr in action},
  author={Grainger, Trey and Potter, Timothy and Seeley, Yonik},
  year={2014},
  publisher={Manning}
}

@book{wittgenstein1969tractatus,
  title={Tractatus logico-philosophicus; Tabeb{\"u}cher 1914-1916; Philosophische Untersuchungen},
  author={Wittgenstein, Ludwig},
  year={1969},
  publisher={Suhrkamp}
}

@InCollection{sep-concepts,
  author       =  {Margolis, Eric and Laurence, Stephen},
  title        =  {Concepts},
  booktitle    =  {The Stanford Encyclopedia of Philosophy},
  editor       =  {Edward N. Zalta},
  howpublished =  {\url{http://plato.stanford.edu/archives/spr2014/entries/concepts/}},
  year         =  {2014},
  edition      =  {Spring 2014},
}

@phdthesis{sahlgren2006word,
  author = {Sahlgren, Magnus},
  school = {University of Stockholm (Sweden)},
  title = {{The Word-space model}},
  year = {2006}
}

@book{burmasova2010empirische,
  title={Empirische Untersuchung der Anglizismen im Deutschen: am Material der Zeitung Die Welt (Jahrg{\"a}nge 1994 und 2004)},
  author={Burmasova, S.},
  series={Bamberger Beitr{\"a}ge zur Linguistik},
  year={2010},
  publisher={University of Bamberg Press}
}

@inproceedings{Joho:2007:DFT:1931390.1931425,
 author = {Joho, Hideo and Sanderson, Mark},
 title = {Document Frequency and Term Specificity},
 booktitle = {Large Scale Semantic Access to Content (Text, Image, Video, and Sound)},
 series = {RIAO '07},
 year = {2007},
 location = {Pittsburgh, Pennsylvania},
 pages = {350--359},
 numpages = {10},
 url = {http://dl.acm.org/citation.cfm?id=1931390.1931425},
 acmid = {1931425},
 publisher = {LE CENTRE DE HAUTES ETUDES INTERNATIONALES D'INFORMATIQUE DOCUMENTAIRE},
 address = {Paris},
} 


@article{sparckjones1972,
doi = "10.1108/eb026526",
issn = "0022-0418",
title = "A Statistical Interpretation of Term Specificity and its Application in Retrieval",
journal = "Journal of Documentation",
publisher = "Emerald",
number = "1",
volume = "28",
pages = "11-21",
author = "Karen Sparck Jones",
year = "1972",
month = "01"
}

@INPROCEEDINGS{Caraballo99determiningthe,
    author = {Sharon A. Caraballo and Eugene Charniak},
    title = {Determining the Specificity of Nouns From Text},
    booktitle = {In Proceedings SIGDAT-99},
    year = {1999},
    pages = {63--70}
}

@inproceedings{weeds-weir-mccarthy:2004:COLING,
    author = {Weeds, Julie and Weir, David and McCarthy, Diana},
    url = {http://www.aclweb.org/anthology/C04-1146},
    title = {Characterising Measures of Lexical Distributional Similarity},
    booktitle = {Proceedings of Coling 2004},
    year = {2004},
    month = {Aug 23--Aug 27},
    address = {Geneva, Switzerland},
    publisher = {COLING},
    pages = {1015--1021}
    }

    @inproceedings{Schutze:1994:CTT:2856823.2856847,
 author = {Sch\"{u}tze, Hinrich and Pedersen, Jan O.},
 title = {A Cooccurrence-based Thesaurus and Two Applications to Information Retrieval},
 booktitle = {Intelligent Multimedia Information Retrieval Systems and Management - Volume 1},
 series = {RIAO '94},
 year = {1994},
 location = {New York, New York},
 pages = {266--274},
 numpages = {9},
 url = {http://dl.acm.org/citation.cfm?id=2856823.2856847},
 acmid = {2856847},
 publisher = {LE CENTRE DE HAUTES ETUDES INTERNATIONALES D'INFORMATIQUE DOCUMENTAIRE},
 address = {Paris, France, France},
} 

@incollection{Miller2000-MILLRF,
  title = {Lexical Representations for Sentence Processing},
  booktitle = {Polysemy: Theoretical and Computational Approaches},
  editor = {Yael Ravin and Claudia Leacock},
  publisher = {Oxford University Press},
  author = {G. Miller and Claudia Leacock},
  year = {2000},
  pages = {152--160}
}

@article{Lewis:2004:RNB:1005332.1005345,
 author = {Lewis, David D. and Yang, Yiming and Rose, Tony G. and Li, Fan},
 title = {RCV1: A New Benchmark Collection for Text Categorization Research},
 journal = {J. Mach. Learn. Res.},
 issue_date = {12/1/2004},
 volume = {5},
 month = dec,
 year = {2004},
 issn = {1532-4435},
 pages = {361--397},
 numpages = {37},
 url = {http://dl.acm.org/citation.cfm?id=1005332.1005345},
 acmid = {1005345},
 publisher = {JMLR.org},
} 

@Article{Brants2004,
author="Brants, Sabine
and Dipper, Stefanie
and Eisenberg, Peter
and Hansen-Schirra, Silvia
and K{\"o}nig, Esther
and Lezius, Wolfgang
and Rohrer, Christian
and Smith, George
and Uszkoreit, Hans",
title="TIGER: Linguistic Interpretation of a German Corpus",
journal="Research on Language and Computation",
year="2004",
volume="2",
number="4",
pages="597--620",
abstract="This paper reports on the TIGER Treebank, a corpus of currently 40,000 syntactically annotated German newspaper sentences. We describe what kind of information is encoded in the treebank and introduce the different representation formats that are used for the annotation and exploitation of the treebank. We explain the different methods used for the annotation: interactive annotation, using the tool ANNOTATE, and LFG parsing. Furthermore, we give an account of the annotation scheme used for the TIGER treebank. This scheme is an extended and improved version of the NEGRA annotation scheme and we illustrate in detail the linguistic extensions that were made concerning the annotation in the TIGER project. The main differences are concerned with coordination, verb-subcategorization, expletives as well as proper nouns. In addition, the paper also presents the query tool TIGERSearch that was developed in the project to exploit the treebank in an adequate way. We describe the query language which was designed to facilitate a simple formulation of complex queries; furthermore, we shortly introduce TIGER in, a graphical user interface for query input. The paper concludes with a summary and some directions for future work.",
issn="1572-8706",
doi="10.1007/s11168-004-7431-3",
url="http://dx.doi.org/10.1007/s11168-004-7431-3"
}

